<?xml version="1.0" encoding="UTF-8"?><collection xmlns="http://www.loc.gov/MARC21/slim"><record><leader>00578nam--2200181-i-4500</leader><controlfield tag="001">000009851</controlfield><controlfield tag="002">20161230</controlfield><controlfield tag="005">20161230201028</controlfield><controlfield tag="008">060222s1000------------r-----000-0-eng-d</controlfield><datafield ind1=" " ind2=" " tag="040"><subfield code="a">IFIN-HH</subfield></datafield><datafield ind1=" " ind2=" " tag="080"><subfield code="a">539.163.2</subfield></datafield><datafield ind1="1" ind2=" " tag="100"><subfield code="a">Eman,B./S.A.</subfield></datafield><datafield ind1="1" ind2="0" tag="245"><subfield code="a">Beta decay and weak interactions</subfield><subfield code="b">Symposium on nuclear beta decay and weak interactions, september, 1967, zagreb, yougoslavia</subfield><subfield code="c">E. eman, d. tadic (eds.)</subfield></datafield><datafield ind1=" " ind2=" " tag="260"><subfield code="a">Zagreb</subfield><subfield code="b">Institute Ruder Baskovic</subfield><subfield code="c">1967</subfield></datafield><datafield ind1=" " ind2=" " tag="300"><subfield code="a">IX + 312 P</subfield></datafield><datafield ind1="1" ind2=" " tag="700"><subfield code="a">Tadic, D</subfield><subfield code="e">Ed</subfield></datafield><datafield ind1=" " ind2=" " tag="852"><subfield code="a">35699</subfield><subfield code="c">539.163.2</subfield></datafield><datafield ind1=" " ind2=" " tag="CAT"><subfield code="a">Sys</subfield><subfield code="c">20120524</subfield><subfield code="h">100454</subfield></datafield></record></collection>